%YAML 1.1
%TAG !u! tag:unity3d.com,2011:
--- !u!1 &2107481251059046042
GameObject:
  m_ObjectHideFlags: 0
  m_CorrespondingSourceObject: {fileID: 0}
  m_PrefabInstance: {fileID: 0}
  m_PrefabAsset: {fileID: 0}
  serializedVersion: 6
  m_Component:
  - component: {fileID: 961952124226562036}
  m_Layer: 0
  m_Name: cienpiesreal
  m_TagString: Untagged
  m_Icon: {fileID: 0}
  m_NavMeshLayer: 0
  m_StaticEditorFlags: 0
  m_IsActive: 1
--- !u!4 &961952124226562036
Transform:
  m_ObjectHideFlags: 0
  m_CorrespondingSourceObject: {fileID: 0}
  m_PrefabInstance: {fileID: 0}
  m_PrefabAsset: {fileID: 0}
  m_GameObject: {fileID: 2107481251059046042}
  m_LocalRotation: {x: 0, y: 0, z: 0, w: 1}
  m_LocalPosition: {x: 0, y: 0, z: 0}
  m_LocalScale: {x: 1, y: 1, z: 1}
  m_Children:
  - {fileID: 7672767275207762172}
  - {fileID: 1509717313685352994}
  - {fileID: 988515499968072079}
  - {fileID: 8258317411080057132}
  - {fileID: 8579666039018920994}
  - {fileID: 2456602917045447148}
  m_Father: {fileID: 0}
  m_RootOrder: 0
  m_LocalEulerAnglesHint: {x: 0, y: 0, z: 0}
--- !u!1001 &48905627819597630
PrefabInstance:
  m_ObjectHideFlags: 0
  serializedVersion: 2
  m_Modification:
    m_TransformParent: {fileID: 961952124226562036}
    m_Modifications:
    - target: {fileID: 8627955321811288835, guid: f21fc9914aa587d46bf157775408c3ab,
        type: 3}
      propertyPath: m_Name
      value: "Cienpi\xE9s (4)"
      objectReference: {fileID: 0}
    - target: {fileID: 8627955321811288860, guid: f21fc9914aa587d46bf157775408c3ab,
        type: 3}
      propertyPath: m_LocalPosition.x
      value: 1.2
      objectReference: {fileID: 0}
    - target: {fileID: 8627955321811288860, guid: f21fc9914aa587d46bf157775408c3ab,
        type: 3}
      propertyPath: m_LocalPosition.y
      value: -1.2
      objectReference: {fileID: 0}
    - target: {fileID: 8627955321811288860, guid: f21fc9914aa587d46bf157775408c3ab,
        type: 3}
      propertyPath: m_LocalPosition.z
      value: 0
      objectReference: {fileID: 0}
    - target: {fileID: 8627955321811288860, guid: f21fc9914aa587d46bf157775408c3ab,
        type: 3}
      propertyPath: m_LocalRotation.x
      value: -0
      objectReference: {fileID: 0}
    - target: {fileID: 8627955321811288860, guid: f21fc9914aa587d46bf157775408c3ab,
        type: 3}
      propertyPath: m_LocalRotation.y
      value: -0
      objectReference: {fileID: 0}
    - target: {fileID: 8627955321811288860, guid: f21fc9914aa587d46bf157775408c3ab,
        type: 3}
      propertyPath: m_LocalRotation.z
      value: -0
      objectReference: {fileID: 0}
    - target: {fileID: 8627955321811288860, guid: f21fc9914aa587d46bf157775408c3ab,
        type: 3}
      propertyPath: m_LocalRotation.w
      value: 1
      objectReference: {fileID: 0}
    - target: {fileID: 8627955321811288860, guid: f21fc9914aa587d46bf157775408c3ab,
        type: 3}
      propertyPath: m_RootOrder
      value: 4
      objectReference: {fileID: 0}
    - target: {fileID: 8627955321811288860, guid: f21fc9914aa587d46bf157775408c3ab,
        type: 3}
      propertyPath: m_LocalEulerAnglesHint.x
      value: 0
      objectReference: {fileID: 0}
    - target: {fileID: 8627955321811288860, guid: f21fc9914aa587d46bf157775408c3ab,
        type: 3}
      propertyPath: m_LocalEulerAnglesHint.y
      value: 0
      objectReference: {fileID: 0}
    - target: {fileID: 8627955321811288860, guid: f21fc9914aa587d46bf157775408c3ab,
        type: 3}
      propertyPath: m_LocalEulerAnglesHint.z
      value: 0
      objectReference: {fileID: 0}
    m_RemovedComponents: []
  m_SourcePrefab: {fileID: 100100000, guid: f21fc9914aa587d46bf157775408c3ab, type: 3}
--- !u!4 &8579666039018920994 stripped
Transform:
  m_CorrespondingSourceObject: {fileID: 8627955321811288860, guid: f21fc9914aa587d46bf157775408c3ab,
    type: 3}
  m_PrefabInstance: {fileID: 48905627819597630}
  m_PrefabAsset: {fileID: 0}
--- !u!1001 &371485708786430512
PrefabInstance:
  m_ObjectHideFlags: 0
  serializedVersion: 2
  m_Modification:
    m_TransformParent: {fileID: 961952124226562036}
    m_Modifications:
    - target: {fileID: 8627955321811288835, guid: f21fc9914aa587d46bf157775408c3ab,
        type: 3}
      propertyPath: m_Name
      value: "Cienpi\xE9s (3)"
      objectReference: {fileID: 0}
    - target: {fileID: 8627955321811288860, guid: f21fc9914aa587d46bf157775408c3ab,
        type: 3}
      propertyPath: m_LocalPosition.x
      value: 0.9
      objectReference: {fileID: 0}
    - target: {fileID: 8627955321811288860, guid: f21fc9914aa587d46bf157775408c3ab,
        type: 3}
      propertyPath: m_LocalPosition.y
      value: -0.9
      objectReference: {fileID: 0}
    - target: {fileID: 8627955321811288860, guid: f21fc9914aa587d46bf157775408c3ab,
        type: 3}
      propertyPath: m_LocalPosition.z
      value: 0
      objectReference: {fileID: 0}
    - target: {fileID: 8627955321811288860, guid: f21fc9914aa587d46bf157775408c3ab,
        type: 3}
      propertyPath: m_LocalRotation.x
      value: -0
      objectReference: {fileID: 0}
    - target: {fileID: 8627955321811288860, guid: f21fc9914aa587d46bf157775408c3ab,
        type: 3}
      propertyPath: m_LocalRotation.y
      value: -0
      objectReference: {fileID: 0}
    - target: {fileID: 8627955321811288860, guid: f21fc9914aa587d46bf157775408c3ab,
        type: 3}
      propertyPath: m_LocalRotation.z
      value: -0
      objectReference: {fileID: 0}
    - target: {fileID: 8627955321811288860, guid: f21fc9914aa587d46bf157775408c3ab,
        type: 3}
      propertyPath: m_LocalRotation.w
      value: 1
      objectReference: {fileID: 0}
    - target: {fileID: 8627955321811288860, guid: f21fc9914aa587d46bf157775408c3ab,
        type: 3}
      propertyPath: m_RootOrder
      value: 3
      objectReference: {fileID: 0}
    - target: {fileID: 8627955321811288860, guid: f21fc9914aa587d46bf157775408c3ab,
        type: 3}
      propertyPath: m_LocalEulerAnglesHint.x
      value: 0
      objectReference: {fileID: 0}
    - target: {fileID: 8627955321811288860, guid: f21fc9914aa587d46bf157775408c3ab,
        type: 3}
      propertyPath: m_LocalEulerAnglesHint.y
      value: 0
      objectReference: {fileID: 0}
    - target: {fileID: 8627955321811288860, guid: f21fc9914aa587d46bf157775408c3ab,
        type: 3}
      propertyPath: m_LocalEulerAnglesHint.z
      value: 0
      objectReference: {fileID: 0}
    m_RemovedComponents: []
  m_SourcePrefab: {fileID: 100100000, guid: f21fc9914aa587d46bf157775408c3ab, type: 3}
--- !u!4 &8258317411080057132 stripped
Transform:
  m_CorrespondingSourceObject: {fileID: 8627955321811288860, guid: f21fc9914aa587d46bf157775408c3ab,
    type: 3}
  m_PrefabInstance: {fileID: 371485708786430512}
  m_PrefabAsset: {fileID: 0}
--- !u!1001 &2145827275432584160
PrefabInstance:
  m_ObjectHideFlags: 0
  serializedVersion: 2
  m_Modification:
    m_TransformParent: {fileID: 961952124226562036}
    m_Modifications:
    - target: {fileID: 8627955321811288835, guid: f21fc9914aa587d46bf157775408c3ab,
        type: 3}
      propertyPath: m_Name
      value: "Cienpi\xE9s"
      objectReference: {fileID: 0}
    - target: {fileID: 8627955321811288860, guid: f21fc9914aa587d46bf157775408c3ab,
        type: 3}
      propertyPath: m_LocalPosition.x
      value: 0
      objectReference: {fileID: 0}
    - target: {fileID: 8627955321811288860, guid: f21fc9914aa587d46bf157775408c3ab,
        type: 3}
      propertyPath: m_LocalPosition.y
      value: 0
      objectReference: {fileID: 0}
    - target: {fileID: 8627955321811288860, guid: f21fc9914aa587d46bf157775408c3ab,
        type: 3}
      propertyPath: m_LocalPosition.z
      value: 0
      objectReference: {fileID: 0}
    - target: {fileID: 8627955321811288860, guid: f21fc9914aa587d46bf157775408c3ab,
        type: 3}
      propertyPath: m_LocalRotation.x
      value: -0
      objectReference: {fileID: 0}
    - target: {fileID: 8627955321811288860, guid: f21fc9914aa587d46bf157775408c3ab,
        type: 3}
      propertyPath: m_LocalRotation.y
      value: -0
      objectReference: {fileID: 0}
    - target: {fileID: 8627955321811288860, guid: f21fc9914aa587d46bf157775408c3ab,
        type: 3}
      propertyPath: m_LocalRotation.z
      value: -0
      objectReference: {fileID: 0}
    - target: {fileID: 8627955321811288860, guid: f21fc9914aa587d46bf157775408c3ab,
        type: 3}
      propertyPath: m_LocalRotation.w
      value: 1
      objectReference: {fileID: 0}
    - target: {fileID: 8627955321811288860, guid: f21fc9914aa587d46bf157775408c3ab,
        type: 3}
      propertyPath: m_RootOrder
      value: 0
      objectReference: {fileID: 0}
    - target: {fileID: 8627955321811288860, guid: f21fc9914aa587d46bf157775408c3ab,
        type: 3}
      propertyPath: m_LocalEulerAnglesHint.x
      value: 0
      objectReference: {fileID: 0}
    - target: {fileID: 8627955321811288860, guid: f21fc9914aa587d46bf157775408c3ab,
        type: 3}
      propertyPath: m_LocalEulerAnglesHint.y
      value: 0
      objectReference: {fileID: 0}
    - target: {fileID: 8627955321811288860, guid: f21fc9914aa587d46bf157775408c3ab,
        type: 3}
      propertyPath: m_LocalEulerAnglesHint.z
      value: 0
      objectReference: {fileID: 0}
    m_RemovedComponents: []
  m_SourcePrefab: {fileID: 100100000, guid: f21fc9914aa587d46bf157775408c3ab, type: 3}
--- !u!4 &7672767275207762172 stripped
Transform:
  m_CorrespondingSourceObject: {fileID: 8627955321811288860, guid: f21fc9914aa587d46bf157775408c3ab,
    type: 3}
  m_PrefabInstance: {fileID: 2145827275432584160}
  m_PrefabAsset: {fileID: 0}
--- !u!1001 &6173094718385056496
PrefabInstance:
  m_ObjectHideFlags: 0
  serializedVersion: 2
  m_Modification:
    m_TransformParent: {fileID: 961952124226562036}
    m_Modifications:
    - target: {fileID: 8627955321811288835, guid: f21fc9914aa587d46bf157775408c3ab,
        type: 3}
      propertyPath: m_Name
      value: "Cienpi\xE9s (5)"
      objectReference: {fileID: 0}
    - target: {fileID: 8627955321811288860, guid: f21fc9914aa587d46bf157775408c3ab,
        type: 3}
      propertyPath: m_LocalPosition.x
      value: 1.5
      objectReference: {fileID: 0}
    - target: {fileID: 8627955321811288860, guid: f21fc9914aa587d46bf157775408c3ab,
        type: 3}
      propertyPath: m_LocalPosition.y
      value: -1.5
      objectReference: {fileID: 0}
    - target: {fileID: 8627955321811288860, guid: f21fc9914aa587d46bf157775408c3ab,
        type: 3}
      propertyPath: m_LocalPosition.z
      value: 0
      objectReference: {fileID: 0}
    - target: {fileID: 8627955321811288860, guid: f21fc9914aa587d46bf157775408c3ab,
        type: 3}
      propertyPath: m_LocalRotation.x
      value: -0
      objectReference: {fileID: 0}
    - target: {fileID: 8627955321811288860, guid: f21fc9914aa587d46bf157775408c3ab,
        type: 3}
      propertyPath: m_LocalRotation.y
      value: -0
      objectReference: {fileID: 0}
    - target: {fileID: 8627955321811288860, guid: f21fc9914aa587d46bf157775408c3ab,
        type: 3}
      propertyPath: m_LocalRotation.z
      value: -0
      objectReference: {fileID: 0}
    - target: {fileID: 8627955321811288860, guid: f21fc9914aa587d46bf157775408c3ab,
        type: 3}
      propertyPath: m_LocalRotation.w
      value: 1
      objectReference: {fileID: 0}
    - target: {fileID: 8627955321811288860, guid: f21fc9914aa587d46bf157775408c3ab,
        type: 3}
      propertyPath: m_RootOrder
      value: 5
      objectReference: {fileID: 0}
    - target: {fileID: 8627955321811288860, guid: f21fc9914aa587d46bf157775408c3ab,
        type: 3}
      propertyPath: m_LocalEulerAnglesHint.x
      value: 0
      objectReference: {fileID: 0}
    - target: {fileID: 8627955321811288860, guid: f21fc9914aa587d46bf157775408c3ab,
        type: 3}
      propertyPath: m_LocalEulerAnglesHint.y
      value: 0
      objectReference: {fileID: 0}
    - target: {fileID: 8627955321811288860, guid: f21fc9914aa587d46bf157775408c3ab,
        type: 3}
      propertyPath: m_LocalEulerAnglesHint.z
      value: 0
      objectReference: {fileID: 0}
    m_RemovedComponents: []
  m_SourcePrefab: {fileID: 100100000, guid: f21fc9914aa587d46bf157775408c3ab, type: 3}
--- !u!4 &2456602917045447148 stripped
Transform:
  m_CorrespondingSourceObject: {fileID: 8627955321811288860, guid: f21fc9914aa587d46bf157775408c3ab,
    type: 3}
  m_PrefabInstance: {fileID: 6173094718385056496}
  m_PrefabAsset: {fileID: 0}
--- !u!1001 &7155991397772308798
PrefabInstance:
  m_ObjectHideFlags: 0
  serializedVersion: 2
  m_Modification:
    m_TransformParent: {fileID: 961952124226562036}
    m_Modifications:
    - target: {fileID: 8627955321811288835, guid: f21fc9914aa587d46bf157775408c3ab,
        type: 3}
      propertyPath: m_Name
      value: "Cienpi\xE9s (1)"
      objectReference: {fileID: 0}
    - target: {fileID: 8627955321811288860, guid: f21fc9914aa587d46bf157775408c3ab,
        type: 3}
      propertyPath: m_LocalPosition.x
      value: 0.3
      objectReference: {fileID: 0}
    - target: {fileID: 8627955321811288860, guid: f21fc9914aa587d46bf157775408c3ab,
        type: 3}
      propertyPath: m_LocalPosition.y
      value: -0.3
      objectReference: {fileID: 0}
    - target: {fileID: 8627955321811288860, guid: f21fc9914aa587d46bf157775408c3ab,
        type: 3}
      propertyPath: m_LocalPosition.z
      value: 0
      objectReference: {fileID: 0}
    - target: {fileID: 8627955321811288860, guid: f21fc9914aa587d46bf157775408c3ab,
        type: 3}
      propertyPath: m_LocalRotation.x
      value: -0
      objectReference: {fileID: 0}
    - target: {fileID: 8627955321811288860, guid: f21fc9914aa587d46bf157775408c3ab,
        type: 3}
      propertyPath: m_LocalRotation.y
      value: -0
      objectReference: {fileID: 0}
    - target: {fileID: 8627955321811288860, guid: f21fc9914aa587d46bf157775408c3ab,
        type: 3}
      propertyPath: m_LocalRotation.z
      value: -0
      objectReference: {fileID: 0}
    - target: {fileID: 8627955321811288860, guid: f21fc9914aa587d46bf157775408c3ab,
        type: 3}
      propertyPath: m_LocalRotation.w
      value: 1
      objectReference: {fileID: 0}
    - target: {fileID: 8627955321811288860, guid: f21fc9914aa587d46bf157775408c3ab,
        type: 3}
      propertyPath: m_RootOrder
      value: 1
      objectReference: {fileID: 0}
    - target: {fileID: 8627955321811288860, guid: f21fc9914aa587d46bf157775408c3ab,
        type: 3}
      propertyPath: m_LocalEulerAnglesHint.x
      value: 0
      objectReference: {fileID: 0}
    - target: {fileID: 8627955321811288860, guid: f21fc9914aa587d46bf157775408c3ab,
        type: 3}
      propertyPath: m_LocalEulerAnglesHint.y
      value: 0
      objectReference: {fileID: 0}
    - target: {fileID: 8627955321811288860, guid: f21fc9914aa587d46bf157775408c3ab,
        type: 3}
      propertyPath: m_LocalEulerAnglesHint.z
      value: 0
      objectReference: {fileID: 0}
    m_RemovedComponents: []
  m_SourcePrefab: {fileID: 100100000, guid: f21fc9914aa587d46bf157775408c3ab, type: 3}
--- !u!4 &1509717313685352994 stripped
Transform:
  m_CorrespondingSourceObject: {fileID: 8627955321811288860, guid: f21fc9914aa587d46bf157775408c3ab,
    type: 3}
  m_PrefabInstance: {fileID: 7155991397772308798}
  m_PrefabAsset: {fileID: 0}
--- !u!1001 &8794208712145259155
PrefabInstance:
  m_ObjectHideFlags: 0
  serializedVersion: 2
  m_Modification:
    m_TransformParent: {fileID: 961952124226562036}
    m_Modifications:
    - target: {fileID: 8627955321811288835, guid: f21fc9914aa587d46bf157775408c3ab,
        type: 3}
      propertyPath: m_Name
      value: "Cienpi\xE9s (2)"
      objectReference: {fileID: 0}
    - target: {fileID: 8627955321811288860, guid: f21fc9914aa587d46bf157775408c3ab,
        type: 3}
      propertyPath: m_LocalPosition.x
      value: 0.6
      objectReference: {fileID: 0}
    - target: {fileID: 8627955321811288860, guid: f21fc9914aa587d46bf157775408c3ab,
        type: 3}
      propertyPath: m_LocalPosition.y
      value: -0.6
      objectReference: {fileID: 0}
    - target: {fileID: 8627955321811288860, guid: f21fc9914aa587d46bf157775408c3ab,
        type: 3}
      propertyPath: m_LocalPosition.z
      value: 0
      objectReference: {fileID: 0}
    - target: {fileID: 8627955321811288860, guid: f21fc9914aa587d46bf157775408c3ab,
        type: 3}
      propertyPath: m_LocalRotation.x
      value: -0
      objectReference: {fileID: 0}
    - target: {fileID: 8627955321811288860, guid: f21fc9914aa587d46bf157775408c3ab,
        type: 3}
      propertyPath: m_LocalRotation.y
      value: -0
      objectReference: {fileID: 0}
    - target: {fileID: 8627955321811288860, guid: f21fc9914aa587d46bf157775408c3ab,
        type: 3}
      propertyPath: m_LocalRotation.z
      value: -0
      objectReference: {fileID: 0}
    - target: {fileID: 8627955321811288860, guid: f21fc9914aa587d46bf157775408c3ab,
        type: 3}
      propertyPath: m_LocalRotation.w
      value: 1
      objectReference: {fileID: 0}
    - target: {fileID: 8627955321811288860, guid: f21fc9914aa587d46bf157775408c3ab,
        type: 3}
      propertyPath: m_RootOrder
      value: 2
      objectReference: {fileID: 0}
    - target: {fileID: 8627955321811288860, guid: f21fc9914aa587d46bf157775408c3ab,
        type: 3}
      propertyPath: m_LocalEulerAnglesHint.x
      value: 0
      objectReference: {fileID: 0}
    - target: {fileID: 8627955321811288860, guid: f21fc9914aa587d46bf157775408c3ab,
        type: 3}
      propertyPath: m_LocalEulerAnglesHint.y
      value: 0
      objectReference: {fileID: 0}
    - target: {fileID: 8627955321811288860, guid: f21fc9914aa587d46bf157775408c3ab,
        type: 3}
      propertyPath: m_LocalEulerAnglesHint.z
      value: 0
      objectReference: {fileID: 0}
    m_RemovedComponents: []
  m_SourcePrefab: {fileID: 100100000, guid: f21fc9914aa587d46bf157775408c3ab, type: 3}
--- !u!4 &988515499968072079 stripped
Transform:
  m_CorrespondingSourceObject: {fileID: 8627955321811288860, guid: f21fc9914aa587d46bf157775408c3ab,
    type: 3}
  m_PrefabInstance: {fileID: 8794208712145259155}
  m_PrefabAsset: {fileID: 0}
