%YAML 1.1
%TAG !u! tag:unity3d.com,2011:
--- !u!1 &127523528840556143
GameObject:
  m_ObjectHideFlags: 0
  m_CorrespondingSourceObject: {fileID: 0}
  m_PrefabInstance: {fileID: 0}
  m_PrefabAsset: {fileID: 0}
  serializedVersion: 6
  m_Component:
  - component: {fileID: 3257052683428396994}
  - component: {fileID: 127523528840556140}
  m_Layer: 0
  m_Name: Orcaweapon
  m_TagString: Untagged
  m_Icon: {fileID: 0}
  m_NavMeshLayer: 0
  m_StaticEditorFlags: 0
  m_IsActive: 1
--- !u!4 &3257052683428396994
Transform:
  m_ObjectHideFlags: 0
  m_CorrespondingSourceObject: {fileID: 0}
  m_PrefabInstance: {fileID: 0}
  m_PrefabAsset: {fileID: 0}
  m_GameObject: {fileID: 127523528840556143}
  m_LocalRotation: {x: 0, y: 0, z: 0, w: 1}
  m_LocalPosition: {x: -0.452, y: 0.22, z: 0}
  m_LocalScale: {x: 1, y: 1, z: 1}
  m_Children: []
  m_Father: {fileID: 3210936827880766570}
  m_RootOrder: 0
  m_LocalEulerAnglesHint: {x: 0, y: 0, z: 0}
--- !u!114 &127523528840556140
MonoBehaviour:
  m_ObjectHideFlags: 0
  m_CorrespondingSourceObject: {fileID: 0}
  m_PrefabInstance: {fileID: 0}
  m_PrefabAsset: {fileID: 0}
  m_GameObject: {fileID: 127523528840556143}
  m_Enabled: 1
  m_EditorHideFlags: 0
  m_Script: {fileID: 11500000, guid: 5eef0d87b3d70184b8da7ba43f2f6552, type: 3}
  m_Name: 
  m_EditorClassIdentifier: 
  meteorToInstantiate: {fileID: 4200707229995486158, guid: 61e00564e49506b44b02904b46431777,
    type: 3}
--- !u!1 &2972058804324375724
GameObject:
  m_ObjectHideFlags: 0
  m_CorrespondingSourceObject: {fileID: 0}
  m_PrefabInstance: {fileID: 0}
  m_PrefabAsset: {fileID: 0}
  serializedVersion: 6
  m_Component:
  - component: {fileID: 3210936827880766570}
  - component: {fileID: 588038970136950037}
  - component: {fileID: 1561738101614895995}
  m_Layer: 0
  m_Name: Orca
  m_TagString: Untagged
  m_Icon: {fileID: 0}
  m_NavMeshLayer: 0
  m_StaticEditorFlags: 0
  m_IsActive: 1
--- !u!4 &3210936827880766570
Transform:
  m_ObjectHideFlags: 0
  m_CorrespondingSourceObject: {fileID: 0}
  m_PrefabInstance: {fileID: 0}
  m_PrefabAsset: {fileID: 0}
  m_GameObject: {fileID: 2972058804324375724}
  m_LocalRotation: {x: 0, y: 0, z: 0, w: 1}
  m_LocalPosition: {x: 0, y: 0, z: 0}
  m_LocalScale: {x: 1, y: 1, z: 1}
  m_Children:
  - {fileID: 3257052683428396994}
  - {fileID: 5049579674682386204}
  m_Father: {fileID: 0}
  m_RootOrder: 0
  m_LocalEulerAnglesHint: {x: 0, y: 0, z: 0}
--- !u!114 &588038970136950037
MonoBehaviour:
  m_ObjectHideFlags: 0
  m_CorrespondingSourceObject: {fileID: 0}
  m_PrefabInstance: {fileID: 0}
  m_PrefabAsset: {fileID: 0}
  m_GameObject: {fileID: 2972058804324375724}
  m_Enabled: 1
  m_EditorHideFlags: 0
  m_Script: {fileID: 11500000, guid: 259105bdcfc83434e88dc386e3c18a91, type: 3}
  m_Name: 
  m_EditorClassIdentifier: 
  time: 1
  orka: {fileID: 127523528840556140}
--- !u!61 &1561738101614895995
BoxCollider2D:
  m_ObjectHideFlags: 0
  m_CorrespondingSourceObject: {fileID: 0}
  m_PrefabInstance: {fileID: 0}
  m_PrefabAsset: {fileID: 0}
  m_GameObject: {fileID: 2972058804324375724}
  m_Enabled: 1
  m_Density: 1
  m_Material: {fileID: 0}
  m_IsTrigger: 1
  m_UsedByEffector: 0
  m_UsedByComposite: 0
  m_Offset: {x: -0.028538823, y: -0.06849289}
  m_SpriteTilingProperty:
    border: {x: 0, y: 0, z: 0, w: 0}
    pivot: {x: 0, y: 0}
    oldSize: {x: 0, y: 0}
    newSize: {x: 0, y: 0}
    adaptiveTilingThreshold: 0
    drawMode: 0
    adaptiveTiling: 0
  m_AutoTiling: 0
  serializedVersion: 2
  m_Size: {x: 1.7648394, y: 0.8630142}
  m_EdgeRadius: 0
--- !u!1001 &6721629365816191930
PrefabInstance:
  m_ObjectHideFlags: 0
  serializedVersion: 2
  m_Modification:
    m_TransformParent: {fileID: 3210936827880766570}
    m_Modifications:
    - target: {fileID: 1971366892462869667, guid: 707f975b0e94e82439923e021836e797,
        type: 3}
      propertyPath: m_Name
      value: lava orca cerrada
      objectReference: {fileID: 0}
    - target: {fileID: 1971366892462869670, guid: 707f975b0e94e82439923e021836e797,
        type: 3}
      propertyPath: m_LocalPosition.x
      value: 0
      objectReference: {fileID: 0}
    - target: {fileID: 1971366892462869670, guid: 707f975b0e94e82439923e021836e797,
        type: 3}
      propertyPath: m_LocalPosition.y
      value: 0
      objectReference: {fileID: 0}
    - target: {fileID: 1971366892462869670, guid: 707f975b0e94e82439923e021836e797,
        type: 3}
      propertyPath: m_LocalPosition.z
      value: 0
      objectReference: {fileID: 0}
    - target: {fileID: 1971366892462869670, guid: 707f975b0e94e82439923e021836e797,
        type: 3}
      propertyPath: m_LocalRotation.x
      value: 0
      objectReference: {fileID: 0}
    - target: {fileID: 1971366892462869670, guid: 707f975b0e94e82439923e021836e797,
        type: 3}
      propertyPath: m_LocalRotation.y
      value: 0
      objectReference: {fileID: 0}
    - target: {fileID: 1971366892462869670, guid: 707f975b0e94e82439923e021836e797,
        type: 3}
      propertyPath: m_LocalRotation.z
      value: 0
      objectReference: {fileID: 0}
    - target: {fileID: 1971366892462869670, guid: 707f975b0e94e82439923e021836e797,
        type: 3}
      propertyPath: m_LocalRotation.w
      value: 1
      objectReference: {fileID: 0}
    - target: {fileID: 1971366892462869670, guid: 707f975b0e94e82439923e021836e797,
        type: 3}
      propertyPath: m_RootOrder
      value: 1
      objectReference: {fileID: 0}
    - target: {fileID: 1971366892462869670, guid: 707f975b0e94e82439923e021836e797,
        type: 3}
      propertyPath: m_LocalEulerAnglesHint.x
      value: 0
      objectReference: {fileID: 0}
    - target: {fileID: 1971366892462869670, guid: 707f975b0e94e82439923e021836e797,
        type: 3}
      propertyPath: m_LocalEulerAnglesHint.y
      value: 0
      objectReference: {fileID: 0}
    - target: {fileID: 1971366892462869670, guid: 707f975b0e94e82439923e021836e797,
        type: 3}
      propertyPath: m_LocalEulerAnglesHint.z
      value: 0
      objectReference: {fileID: 0}
    m_RemovedComponents: []
  m_SourcePrefab: {fileID: 100100000, guid: 707f975b0e94e82439923e021836e797, type: 3}
--- !u!4 &5049579674682386204 stripped
Transform:
  m_CorrespondingSourceObject: {fileID: 1971366892462869670, guid: 707f975b0e94e82439923e021836e797,
    type: 3}
  m_PrefabInstance: {fileID: 6721629365816191930}
  m_PrefabAsset: {fileID: 0}
